@article{miinalainen2019,
  title={A realistic, accurate and fast source modeling approach for the EEG forward problem},
  author={Miinalainen, Tuuli and Rezaei, Atena and Us, Defne and N{\"u}{\ss}ing, Andreas and Engwer, Christian and Wolters, Carsten H and Pursiainen, Sampsa},
  journal={NeuroImage},
  volume={184},
  pages={56--67},
  year={2019},
  publisher={Elsevier}
}

@article{calvetti2018,
  title={Brain Activity Mapping from MEG Data via a Hierarchical Bayesian Algorithm with Automatic Depth Weighting},
  author={Calvetti, Daniela and Pascarella, Annalisa and Pitolli, Francesca and Somersalo, Erkki and Vantaggi, Barbara},
  journal={Brain topography},
  pages={1--31},
  year={2018},
  publisher={Springer}
}

@article{calvetti2015,
  title={A hierarchical Krylov--Bayes iterative inverse solver for MEG with physiological preconditioning},
  author={Calvetti, Daniela and Pascarella, Annalisa and Pitolli, Francesca and Somersalo, Erkki and Vantaggi, Barbara},
  journal={Inverse Problems},
  volume={31},
  number={12},
  pages={125005},
  year={2015},
  publisher={IOP Publishing}
}

@article{wolters2007geometry,
  title={Geometry-adapted hexahedral meshes improve accuracy of finite-element-method-based EEG source analysis},
  author={Wolters, Carsten H and Anwander, Alfred and Berti, Guntram and Hartmann, Ulrich},
  journal={IEEE Transactions on Biomedical Engineering},
  volume={54},
  number={8},
  pages={1446--1453},
  year={2007},
  publisher={IEEE}
}


@article{rullmann2009eeg,
  title={EEG source analysis of epileptiform activity using a 1 mm anisotropic hexahedra finite element head model},
  author={Rullmann, Michael and Anwander, Alfred and Dannhauer, Moritz and Warfield, Simon K and Duffy, Frank H and Wolters, Carsten H},
  journal={NeuroImage},
  volume={44},
  number={2},
  pages={399--410},
  year={2009},
  publisher={Elsevier}
}

@inproceedings{grover2016fundamental,
  title={Fundamental limits on source-localization accuracy of EEG-based neural sensing},
  author={Grover, Pulkit},
  booktitle={Information Theory (ISIT), 2016 IEEE International Symposium on},
  pages={1794--1798},
  year={2016},
  organization={IEEE}
}

@inproceedings{wang2009relationship,
  title={The relationship between conductivity uncertainties and EEG source localization accuracy},
  author={Wang, Gang and Yang, Lin and Worrell, Gregory and He, Bin},
  booktitle={Engineering in Medicine and Biology Society, 2009. EMBC 2009. Annual International Conference of the IEEE},
  pages={4799--4802},
  year={2009},
  organization={IEEE}
}


@article{hari1990neuromagnetic,
  title={The neuromagnetic method in the study of the human auditory cortex},
  author={Hari, Riitta},
  journal={Auditory evoked magnetic fields and electric potentials},
  year={1990},
  publisher={Karger}
}

@article{cuffin2001realistically,
  title={Experimental tests of EEG source localization accuracy in realistically shaped head models},
  author={Cuffin, B Neil and Schomer, Donald L and Ives, John R and Blume, Howard},
  journal={Clinical neurophysiology},
  volume={112},
  number={12},
  pages={2288--2292},
  year={2001},
  publisher={Elsevier}
}

@article{cuffin2001spherical,
  title={Experimental tests of EEG source localization accuracy in spherical head models},
  author={Cuffin, B Neil and Schomer, Donald L and Ives, John R and Blume, Howard},
  journal={Clinical neurophysiology},
  volume={112},
  number={1},
  pages={46--51},
  year={2001},
  publisher={Elsevier}
}

@article{tarkiainen20033d,
  title={The 3D topography of MEG source localization accuracy: effects of conductor model and noise},
  author={Tarkiainen, A and Liljestr{\"o}m, M and Sepp{\"a}, M and Salmelin, R},
  journal={Clinical Neurophysiology},
  volume={114},
  number={10},
  pages={1977--1992},
  year={2003},
  publisher={Elsevier}
}

@article{coffey2016cortical,
  title={Cortical contributions to the auditory frequency-following response revealed by MEG},
  author={Coffey, Emily BJ and Herholz, Sibylle C and Chepesiuk, Alexander MP and Baillet, Sylvain and Zatorre, Robert J},
  journal={Nature communications},
  volume={7},
  pages={11070},
  year={2016},
  publisher={Nature Publishing Group}
}

@article{attal2009,
  title={Modelling and detecting deep brain activity with MEG and EEG.},
  journal = {Innovation and Research in Biomedical Engineering}, 
  year = {2009}, 
  volume = {30}, 
  issue = {3},
  pages = {133--138},
  author={Attal, Y and Bhattacharjee, M and Yelnik, J and Cottereau, B and Lef{\`e}vre, J and Okada, Y and others},
}

@book{hari2017meg,
  title={MEG-EEG Primer},
  author={Hari, Riitta and Puce, Aina},
  year={2017},
  publisher={Oxford University Press}
}


@article{calvetti2007gaussian,
  title={A Gaussian hypermodel to recover blocky objects},
  author={Calvetti, Daniela and Somersalo, Erkki},
  journal={Inverse problems},
  volume={23},javascript:void(0);
  number={2},
  pages={733},
  year={2007},
  publisher={IOP Publishing}
}

@article{uutela1999visualization,
  title={Visualization of magnetoencephalographic data using minimum current estimates},
  author={Uutela, Kimmo and H{\"a}m{\"a}l{\"a}inen, M and Somersalo, Erkki},
  journal={NeuroImage},
  volume={10},
  number={2},
  pages={173--180},
  year={1999},
  publisher={Elsevier}
}

@article{hauk2004keep,
  title={Keep it simple: a case for using classical minimum norm estimation in the analysis of EEG and MEG data},
  author={Hauk, Olaf},
  journal={Neuroimage},
  volume={21},
  number={4},
  pages={1612--1621},
  year={2004},
  publisher={Elsevier}
}



@book{gelman1995bayesian,
  title={Bayesian data analysis},
  author={Gelman, Andrew and Carlin, John B and Stern, Hal S and Rubin, Donald B},
  year={1995},
  publisher={Chapman and Hall/CRC}
}

@misc{ZeffiroInterface,
author = {Sampsa Pursiainen}
  title = {Zeffiro Forward and Inverse Interface for EEG/MEG Imaging},
  howpublished = {\url{https://github.com/sampsapursiainen/zeffiro_interface/wiki} \url{https://se.mathworks.com/matlabcentral/fileexchange/66989-sampsapursiainen-zeffiro_interface}},
  note = {Accessed: 2018-07-16}
}

@book{brodmann1909vergleichende,
  title={Vergleichende Lokalisationslehre der Grosshirnrinde in ihren Prinzipien dargestellt auf Grund des Zellenbaues},
  author={Brodmann, Korbinian},
  year={1909},
  publisher={Barth}
}

@article{vorwerk2014guideline,
  title={A guideline for head volume conductor modeling in EEG and MEG},
  author={Vorwerk, Johannes and Cho, Jae-Hyun and Rampp, Stefan and Hamer, Hajo and Kn{\"o}sche, Thomas R and Wolters, Carsten H},
  journal={NeuroImage},
  volume={100},
  pages={590--607},
  year={2014},
  publisher={Elsevier}
}

@article{creutzfeldt1962influence,
  title={Influence of transcortical dc currents on cortical neuronal activity},
  author={Creutzfeldt, Otto D and Fromm, Gerhard H and Kapp, Hermann},
  journal={Experimental neurology},
  volume={5},
  number={6},
  pages={436--452},
  year={1962},
  publisher={Elsevier}
}

@article{hari2018ifcn,
  title={IFCN-endorsed practical guidelines for clinical magnetoencephalography (MEG)},
  author={Hari, Riitta and Baillet, Sylvain and Barnes, Gareth and Burgess, Richard and Forss, Nina and Gross, Joachim and H{\"a}m{\"a}l{\"a}inen, Matti and Jensen, Ole and Kakigi, Ryusuke and Maugui{\`e}re, Fran{\c{c}}ois and others},
  journal={Clinical Neurophysiology},
  year={2018},
  publisher={Elsevier}
}

@phdthesis{nusing2018, 
author = {Andreas N\"{u}{\ss}ing},
title = {Fitted and Unitted Finite Element Methods for Solving the EEG Forward Problem},
school = {Westf\"{a}lische Wilhelms-Universit\"{a}t M\"{u}nster, Germany}, 
note = {Dissertation}, 
year = {2018}}

@article{aydin2014combining,
  title={Combining EEG and MEG for the reconstruction of epileptic activity using a calibrated realistic volume conductor model},
  author={Aydin, {\"U}mit and Vorwerk, Johannes and K{\"u}pper, Philipp and Heers, Marcel and Kugel, Harald and Galka, Andreas and Hamid, Laith and Wellmer, J{\"o}rg and Kellinghaus, Christoph and Rampp, Stefan and others},
  journal={PLoS One},
  volume={9},
  number={3},
  pages={e93154},
  year={2014},
  publisher={Public Library of Science}
}

@article{pursiainen2012raviart,
  title={Raviart--Thomas-type sources adapted to applied EEG and MEG: implementation and results},
  author={Pursiainen, S},
  journal={Inverse Problems},
  volume={28},
  number={6},
  pages={065013},
  year={2012},
  publisher={IOP Publishing}
}

@article{pursiainen2012complete,
  title={Complete electrode model in EEG: relationship and differences to the point electrode model},
  author={Pursiainen, S and Lucka, F and Wolters, CH},
  journal={Physics in Medicine \& Biology},
  volume={57},
  number={4},
  pages={999},
  year={2012},
  publisher={IOP Publishing}
}

@article{acar2010, 
author = {Z A Acar and S Makeig}, 
title = {Neuroelectromagnetic {F}orward {H}ead {M}odeling {T}oolbox}, 
journal = {J.\ Neurosci.\ Methods}, 
volume={190}, 
number = {2},
pages = {258-270},
year = {2010}}

@INPROCEEDINGS{adde2003,
    author = {Geoffray Adde and Maureen Clerc and Olivier Faugeras and Renaud Keriven and Jan Kybic and Théodore Papadopoulo},
    title = {Symmetric {BEM} formulation for the {M/EEG} forward problem},
    booktitle = {Information Processing in Medical Imaging, volume 2732 of LNCS},
    year = {2003},
    pages = {524--535},
    publisher = {Springer}
}

@article{ainsworth2003,
author = {M Ainsworth and J Coyle},
year = {2003},
title = {Hierarchic finite elements for unstructured tetrahedral meshes},
journal = {{I}nt. {J}. {N}umer. {M}eth. {E}ngng},
volume = {58},
pages = {2103--2130}}

@article{alkamper2016,
	author = {Martin Alkämper and Andreas Dedner and Robert Klöfkorn and Martin Nolte},
	title = {The {DUNE}-{ALUG}rid Module},
	journal = {Archive of Numerical Software},
	volume = {4},
	number = {1},
	year = {2016},
}
@article{amidror2002,
author = {I Amidror},
year = {2002},
title = {Scattered data interpolation methods for electronic imaging systems: a survey},
journal = {Journal of Electronic Imaging},
volume = {11},
number = {2},
pages = {157--176}}

@article{ary1981,
  title={Location of sources of evoked scalp potentials: corrections for skull and scalp thicknesses},
  author={Ary, James P and Klein, Stanley A and Fender, Derek H},
  journal={IEEE Transactions on Biomedical Engineering},
  number={6},
  pages={447--452},
  year={1981},
  publisher={IEEE}
}


@article{ataseven2008,
author = {Y Ataseven and Z Akalin-Acar and C E Acar and N G Gencer},
year = {2008},
title = {Parallel implementation of the accelerated {BEM} approach for {EMSI} of
the human brain},
journal ={ Med.\ Biol.\ Eng.\ Comput.},
volume = {46},
number = {7},
pages = {671--679}}

@article{auranen2005,
author = {T Auranen and A Nummenmaa and M S H\"{a}malainen and I P J\"{a}\"{a}skelainen and J Lampinen and A Vehtari and M Sams},
year = {2005},
title = {Bayesian analysis of the neuromagnetic inverse problem with l(p)-norm priors},
journal = {Neuroimage},
volume = {26},
number = {3},
pages = {870--884}}

@article{auranen2007,
author = {T Auranen and A Nummenmaa and M S H\"{a}m\"{a}l\"{a}inen and I P J\"{a}\"{a}skel\"{a}inen and J Lampinen and A Vehtari and M Sams},
title = {Bayesian inverse analysis of neuromagnetic data using cortically constrained multiple dipoles},
year = {2007},
journal = {Human Brain Mapping},
volume = {28},
number = {10},
pages = {979--994}}


@article{awada1997computational,
  title={Computational aspects of finite element modeling in EEG source localization},
  author={Awada, Kassem A and Jackson, David R and Williams, Jeffery T and Wilton, Donald R and Baumann, Stephen B and Papanicolaou, Andrew C},
  journal={IEEE Transactions on Biomedical Engineering},
  volume={44},
  number={8},
  pages={736--752},
  year={1997},
  publisher={IEEE}
}


@article{aydin2015, 
author = {\"{U}. Aydin and J. Vorwerk and M. D\"{u}mpelmann and P. K\"{u}pper and H. Kugel and  M. Heers and  J. Wellmer and  C. Kellinghaus and J. Haueisen and S. Rampp and H. Stefan and C. H.  Wolters}, 
title = {Combined {EEG/MEG} Can Outperform Single Modality {EEG} or {MEG} Source Reconstruction in Presurgical Epilepsy Diagnosis}, 
journal = {PLOS One}, 
volume={10}, 
number = {3},
pages = {e0118753},
year = {2015}}

@article{bastian2008a,
author={P. Bastian and M. Blatt and A. Dedner and C. Engwer and R. Kl{\"o}fkorn and R. Kornhuber and M. Ohlberger and O. Sander},
year={2008},
title={A {G}eneric {G}rid {I}nterface for {P}arallel and {A}daptive {S}cientific {C}omputing. {P}art {I}: {A}bstract {F}ramework},
journal={Computing},
volume={82},
number={2-3},
pages={103-119}
}

@article{bastian2008b,
author={P. Bastian and M. Blatt and A. Dedner and C. Engwer and R. Kl{\"o}fkorn and R. Kornhuber and M. Ohlberger and O. Sander},
year={2008},
title={A {G}eneric {G}rid {I}nterface for {P}arallel and {A}daptive {S}cientific {C}omputing. {P}art {II}: {I}mplementation and {T}ests in {DUNE}},
journal={Computing},
volume={82},
number={2-3},
pages={121-138}
}

@article{bastian2010,
author = {P. Bastian and F. Heimann and S.Marnach},
journal = {Kybernetika},
number = {2},
pages = {294-315},
publisher = {Institute of Information Theory and Automation AS CR},
title = {Generic implementation of finite element methods in the {D}istributed and {U}nified {N}umerics {E}nvironment ({DUNE})},
url = {http://eudml.org/doc/197255},
volume = {46},
year = {2010},
}

@article{bauer2015, 
title={Comparison {S}tudy for {W}hitney ({R}aviart-{T}homas) {T}ype {S}ource
{M}odels in {F}inite {E}lement {M}ethod {B}ased {EEG} {F}orward
{M}odeling},
author = {M Bauer and  S Pursiainen and Johannes Vorwerk and Harald K\"{o}stler and C H Wolters},
journal = {IEEE Transactions on Biomedical Engineering}, 
volume = {62},
number = {11},
pages = {2648--56},
year = {2015}
}

@book{beer2008,
author = {G Beer and I Smith and C Duenser},
year = {2008},
title = {The Boundary Element Method with Programming: For Engineers and Scientists},
publisher = {Springer},
address = {Berlin}}

@article{berg1994,
author = {P Berg and M Scherg},
year = {1994},
title = {A fast method for forward computation of multiple-shell spherical head models},
journal = {Electroenceph.\ Clin.\ Neurophysiol.},
volume = {90},
pages = {58--64}}

@InProceedings{CHW:Ber91,
  author =       "O. Bertrand and M. Th\'evenet and F. Perrin",
  title =        "{3D} Finite Element Method in Brain Electrical
                 Activity Studies",
  editor =       "J. Nenonen and H.M. Rajala and T. Katila",
  booktitle =    "Biomagnetic Localization and {3D} Modelling",
  publisher =    "Report of the Dep. of Tech.Physics, Helsinki
                 University of Technology",
  pages =        "154--171",
  year =         "1991",
}

@Inbook{blatt2007,
author={Blatt, Markus
and Bastian, Peter},
editor={K{\aa}gstr{\"o}m, Bo
and Elmroth, Erik
and Dongarra, Jack
and Wa{\'{s}}niewski, Jerzy},
title={The Iterative Solver Template Library},
bookTitle={Applied Parallel Computing. State of the Art in Scientific Computing: 8th International Workshop, PARA 2006, Ume{\aa}, Sweden, June 18-21, 2006, Revised Selected Papers},
year={2007},
publisher={Springer Berlin Heidelberg},
pages={666--675},
isbn={978-3-540-75755-9},
doi={10.1007/978-3-540-75755-9_82},
url=[http://dx.doi.org/10.1007/978-3-540-75755-9_82}
}

@PhdThesis{blatt2010,
author={Markus Blatt},
year={2010},
title={A Parallel Algebraic Multigrid Method for Elliptic Problems with Highly Discontinuous Coefficients},
type = {Dissertation},
school ={Heidelberg University},
url={http://www.ub.uni-heidelberg.de/archiv/10856}
}

@article{blatt2016,
author={Markus Blatt and Ansgar Burchardt and Andreas Dedner and Christian Engwer and Jorrit Fahlke and Bernd Flemisch and Christoph Gersbacher and Carsten Gr{\"a}ser and Felix Gruber and Christoph Gr{\"u}ninger and Dominic Kempf and Robert Kl{\"o}fkorn and Tobias Malkmus and Steffen M{\"u}thing and Martin Nolte and Marian Piatkowski and Oliver Sander},
year={2016},
title={The {D}istributed and {U}nified {N}umerics {E}nvironment, Version 2.4. },
journal={Archive of Numerical Software},
volume={4},
number={100},
pages={13 – 29},
}


@book{braess2001,
author = {D Braess},
year = {2001},
title = {Finite Elements},
publisher = {{C}ambridge {U}niversity {P}ress},
address = {Cambridge}
}

@misc{brainstorm2018,
title ={{B}rain{S}torm: {A} collaborative, open-source application dedicated to the analysis of brain recordings: {MEG}, {EEG}, {fNIRS}, {ECoG}, depth electrodes and animal electrophysiology},
year = {2018},
url = {http://neuroimage.usc.edu/brainstorm/},
note = {Retrieved Feb 2, 2018}
}

@book{brazier1961,
title={Computer techniques in {EEG} analysis},
author={Brazier, M A B},
lccn={61017887},
series={Electroencephalography and clinical neurophysiology: Supplement},
year={1961},
publisher={Elsevier Pub. Co.},
address = {Amsterdam}
}

@book{brette2012,
	author={R Brette and A Destexhe},
	year={2012},
	title={Handbook of Neural Activity Measurement},
	publisher={Cambridge University Press},
	address={New York},
	pages={xi, 479 pages},
	isbn={978-0-521-51622-8},
	language={eng}
    doi={http://dx.doi.org/10.1017/CBO9780511979958},
}


@book{bucur2013,
  title={Nondestructive Characterization and Imaging of Wood},
  author={Bucur, V.},
  isbn={9783662089866},
  series={Springer Series in Wood Science},
  url={https://books.google.fi/books?id=xGrrCAAAQBAJ},
  year={2013},
  publisher={Springer Berlin Heidelberg}
}

@article{buchner1997, 
title={Inverse localization of electric dipole current sources in finite element models of the human head},
author = {H Buchner and G Knoll and M Fuchs and A Rien\"{a}cker and R Beckmann and M Wagner and J  Silny and J Pesch},
journal = {Electroencephalogr Clin Neurophysiol.}, 
year = {1997}, 
volume = {102},
number = {4}, 
pages = {267--78}
}

@book{calvetti2007,
  title={An Introduction to {B}ayesian Scientific Computing: Ten Lectures on Subjective Computing},
  author={Calvetti, Daniela and Somersalo, Erkki},
  volume={2},
  year={2007},
  publisher={Springer Science \& Business Media}
}

@article{calvetti2009,
author = {D Calvetti and H Hakula and S Pursiainen and E Somersalo},
title = {Conditionally {G}aussian Hypermodels for Cerebral Source Localization},
journal = {SIAM J.\ Imaging Sci.},
volume = {2},
number = {3},
year = {2009},
pages = {879--909}}

@article{campi2008,
author = {C Campi and A Pascarella and A Sorrentino and M Piana},
title = {A {Rao}-{Blackwellized} particle filter for magnetoencephalography},
journal = {Inverse Problems},
volume = {24},
number = {2},
year = {2008},
pages = {025023}}

@article{cohen1968,
author = {D Cohen},
title = {Magnetoencephalography: evidence of magnetic fields produced by alpha rhythm currents},
journal = {Science},
volume = {161},
year = {1968},
pages = {784--786}}

@article{dannhauer2010,
author = {M Dannhauer and B Lanfer and C H Wolters and T R Kn\"{o}sche},
title = {Modeling of the human skull in {EEG} source analysis},
journal = {Human Brain Mapping},
doi = {10.1002/hbm.21114},
volume = {32},
pages = {1383--1399},
year = {2011}}

@Article{demunck1988,
  author =       "J.C. de Munck and B.W. van Dijk and H. Spekreijse",
  title =        "Mathematical dipoles are adequate to describe
                 realistic generators of human brain activity",
  journal =      j-BME,
  year =         "1988",
  volume =       "35",
  number =       "11",
  pages =        "960--966",
}
@Article{demunck1993,
  title={A fast method to compute the potential in the multisphere model},
  author={de Munck, J.C. and Peters, M.J.},
  journal={IEEE transactions on biomedical engineering},
  volume={40},
  number={11},
  pages={1166--1174},
  year={1993},
  publisher={IEEE}
}


@InProceedings{demunck2012,
  author =       {J.C. de Munck and C. H. Wolters and M. Clerc},
  title =        {{EEG} \& {MEG} forward modeling.},
  booktitle =    {Handbook of Neural Activity Measurement},
  editor =       {R. Brette and A. Destexhe},
  publisher =    {Cambridge University Press, New York},
  year =         {2012},
  doi =          {10.1017/CBO9780511979958.006},
}

@book{dirac1988,
  title={The principles of quantum mechanics},
  author={Dirac, P A M },
  series={International series of monographs on physics},
  year={1988},
  publisher={Clarendon Press},
  address = {Alderley}
}

@Article{CHW:Dre2009,
  author =       "F. Drechsler and C.H. Wolters and T. Dierkes and H. Si and L. Grasedyck",
  title =        "A full subtraction approach for finite element method based 
  source analysis using constrained Delaunay tetrahedralisation.",
  journal =      "NeuroImage",
  volume =       "46",
  number =       "4",
  pages =        "1055--1065",
  year =         "2009",
}


@book{drung1996, author = {D Drung}, year = {1996}, title = {{SQUID}
Sensors: Fundamentals, Fabrication and Application}, publisher =
{Kluwer - Academic Publisher}, address = {Dordrecht} }

@article{engwer2015,
  author    = {Christian Engwer and
               Johannes Vorwerk and
               Jakob Ludewig and
               Carsten H. Wolters},
  title     = {A discontinuous {G}alerkin Method for the {EEG} Forward Problem},
  journal = {ArXiv e-prints arXiv:1511.04892},
  year      = {2015},
}

@misc{dune2018,
title = {{\em DUNE}: {D}istributed and {U}nified {N}umerics {E}nvironment, a modular toolbox for solving partial differential equations with grid-based methods},
url = {https://www.dune-project.org/},
note = {Feb, 2018}
}

@misc{duneuro2018,
title = {{\em duneuro}: An open source C++ library for forward modeling in bioelectromagnetism},
url = {http://www.duneuro.org/},
note = {Feb, 2018}
}

@article{engwer2017,  
title = {A discontinuous {G}alerkin Method to solve the {EEG} Forward Problem using the Subtraction Approach},   
author = {{Engwer}, C. and {Vorwerk}, J. and {Ludewig}, J. and {Wolters}, C.~H.},   
journal = {SIAM J. Sci. Comp.},  
year  = {2017},
volume = {39},
number = {1},
page = {B138--B164},
url= {http://epubs.siam.org/doi/abs/10.1137/15M1048392},   
doi = {10.1137/15M1048392}
}

@article{nuessing2016,  
title = {The Unfitted Discontinuous Galerkin Method for Solving the {EEG} Forward Problem},   
author = {N{\"u}{\ss}ing, A. and Wolters, C.H. and Brinck, H. and Engwer, C.},   
journal = {IEEE Trans Biomed Eng},  
year  = {2016},
volume = {63},
number = {12},
page = {2564--2575},
}

@article{ermer2001,
author = {J Ermer and J C Mosher and S Baillet and R M Leahy},
title = {Rapidly recomputable {EEG} forward models for realistic
head shapes},
journal = {Physics in Medicine and Biology},
volume = {46},
year = {2001},
pages = {1265--1281}}

@book{evans1998,
  title={Partial Differential Equations},
  author={Evans, L.C.},
  isbn={9780821807729},
  lccn={97041033},
  series={Graduate studies in mathematics},
  year={1998},
  publisher={American Mathematical Society}
}

@misc{freesurfer,
author = {{Athinoula A. Martinos Center for Biomedical Imaging}},
title = {FreeSurfer},
year = {1999--2011}
}

@article{fiederer2016,
title = "The role of blood vessels in high-resolution volume conductor head modeling of {EEG} ",
journal = "NeuroImage ",
volume = "128",
number = "",
pages = "193 - 208",
year = "2016",
note = "",
issn = "1053-8119",
doi = "http://dx.doi.org/10.1016/j.neuroimage.2015.12.041",
author = "L.D.J. Fiederer and J. Vorwerk and F. Lucka and M. Dannhauer and S. Yang and M. Dumpelmann and A. Schulze-Bonhage and A. Aertsen and O. Speck and C.H. Wolters and T. Ball",
keywords = "FEM",
keywords = "7 T MRI",
keywords = "Blood vessel modeling",
keywords = "Submillimeter volume conductor head model",
keywords = "Forward problem",
keywords = "Inverse problem",
keywords = "EEG source localization",
keywords = "Extended source model ",
}

@misc{fieldtrip2017,
title ={FieldTrip toolbox: {D}ipole fitting of combined {MEG/EEG} data - tutorial},
year = {2017},
url = {http://www.fieldtriptoolbox.org/tutorial/natmeg/dipolefitting},
note = {Retrieved 17 August, 2017}
}

@book{freund2007,
  title={Modern Elementary Statistics},
  author={Freund, J.E. and Perles, B.M.},
  isbn={9780131874398},
  lccn={2005054616},
  year={2007},
  publisher={Pearson Prentice Hall}
}

@Article{gencer2004,
  author = 	 {N. Gencer and C. Acar},
  title = 	 {Sensitivity of EEG and MEG measurements to tissue
conductivity},
  journal = 	 {Phys. Med. Biol.},
  year = 	 {2004},
  OPTkey = 	 {},
  OPTvolume = 	 {49},
  OPTpages = 	 {701-717},
}


@Article{gullmar2010,
  author = 	 {D. G{\"u}llmar and J. Haueisen and J.R. Reichenbach},
  title = 	 {Influence of anisotropic electrical conductivity in white matter tissue on the {EEG/MEG} forward and inverse solution. {A} high-resolution whole head simulation study.},
  journal = 	 {NeuroImage},
  year = 	 {2010},
  OPTkey = 	 {},
  OPTvolume = 	 {51},
  OPTnumber = 	 {1},
  OPTpages = 	 {145-163},
  note      =    "doi:10.1016/j.neuroimage.2010.02.014",
}

@book{golub1989,
author = {G Golub and C van Loan},
title = {Matrix Computations},
publisher = {The John Hopkins University Press},
address = {Baltimore},
year = {1989}}

@INPROCEEDINGS{gross2002,
    author = {J. Gross and L. Timmermann and J. Kujala and M. Dirks and F. Schmitz amd R. Salmelin and A. Schnitzler},
    title = {The neural basis of intermittent motor control in humans},
    booktitle = {Proc. Natl. Acad. Sci. USA},
    volume = {99},
    year = {2002},
    pages = {2299--2302},
    publisher = {PNAS}
    }

@article{haas2003,
author = {L F Haas},
year = {2003},
title = {{H}ans {B}erger (18731941), {R}ichard {C}aton (18421926), and electroencephalography},
journal = {Journal of Neurology, Neurosurgery \& Psychiatry},
volume = {74},
number = {1},
pages = {9--9}}

@article{haemaelaeinen2015,
author={Jarmo A. H{\"a}m{\"a}l{\"a}inen and Kaisa Lohvansuu and Leena Ervast and Paavo H.T. Lepp{\"a}nen},
year={2015},
title={Event-related potentials to tones show differences between children with multiple risk factors for dyslexia and control children before the onset of formal reading instruction},
journal={International Journal of Psychophysiology},
volume={95},
number={2},
pages={101--112}
}

@ARTICLE{hail94,
AUTHOR  =  "M. {H\"{a}m\"{a}l\"{a}inen} and R.J. Ilmoniemi",
TITLE = "Interpreting magnetic fields of the brain: minimum norm estimates",
JOURNAL = "Med. \& Biol. Eng. \& Comput.",
YEAR = "1994",
VOLUME = "32",
PAGES = "35--42"
}

@Article{hal2005,
  author =       "H. Hallez and B. Vanrumste and P. Van Hese and
        Y. D'Asseler and I. Lemahieu and R. Van de Walle",
  title =        "A finite difference method with reciprocity used to
  incorporate anisotropy in electroencephalogram dipole source localization.",
  journal =      "Phys.Med.Biol.",
  year =         "2005",
  volume =       "50",
  pages =        "3787--3806",
}

@Article{hal2008b,
  author =       "Hallez, H. and Vanrumste, B. and Van Hese, P. and Delputte, S. and Lemahieu, I.",
  title =        "Dipole estimation errors due to differences in modeling anisotropic conductivities in
            realistic head models for {EEG} source analysis.",
  journal =      "Phys.Med.Biol.",
  year =         "2008",
  volume =       "53",
  pages =        "1877--1894",
}

@article{hamalainen1993,
author = {M H\"{a}m\"{a}l\"{a}inen and R Hari and R J Ilmoniemi and J Knuutila and O V Lounasmaa},
year = {1993},
title = {Magnetoencephalography --- theory, instrumentation, and applications to invasive studies of the working human brain},
journal = {Reviews of Modern Physics},
volume = {65},
pages = {413--498}}

@misc{hamalainen_mne_software,
author={M H\"{a}m\"{a}l\"{a}inen},
howpublished={\url{http://www.martinos.org/meg/manuals/MNE-manual-2.7.pdf}},
title={{MNE} software User's Guide, Version 2.7},
year = {2009},
month = {December},
version = {2.7}
}

@book{CHW:Pap2017,
author = {Christos Papageorgakis},
title = {Patient specific conductivity models: characterization of the skull bones},
publisher = {Modeling and Simulation},
address = {Universite Cote d’Azur},
year = {2017},
URL = {https://hal.inria.fr/tel-01662075},
}

@book{hansen2010,
author = {P Hansen and Kringelbach M and R Salmelin},
title = {{MEG}: An Introduction to Methods},
publisher = {Oxford University Press, Incorporated},
address = {Oxfordissa},
year = {2010}}

@Article{CHW:Hau2002,
  author =       "J. Haueisen and D.S. Tuch and C. Ramon and P.H.
                 Schimpf and V.J. Wedeen and J.S. George and J.W.
                 Belliveau",
  title =        "The Influence of Brain Tissue Anisotropy on Human
                 {EEG} and {MEG}",
  journal =      "NeuroImage",
  year =         "2002",
  volume =       "15",
  pages =        "159--166",
}

@article{jerbi2002,
author = {K Jerbi and C Mosher and S Baillet and R M Leahy},
year = {2002},
title = {On {MEG} Forward Modelling using Multipolar Expansions},
journal = {Physics in Medicine \& Biology},
volume = {47},
pages = {523--555}}

@book{kaipio2004,
author = {J P Kaipio and E Somersalo},
title = {Statistical and Computational Methods for Inverse Problems},
publisher = {Springer},
address = {Berlin},
year = {2004}}

@misc{kirkman1996,
author = {T.W. Kirkman},
title = {Statistics to Use},
year = {1996},
url = {http://www.physics.csbsju.edu/stats/},
note = {Retrieved 2 August 2017}
}

@article{komssi2004,
author = {S Komssi and J Huttunen and H J Aronen and R J Ilmoniemi},
year = {2004},
title = {{EEG} minimum-norm estimation compared with {MEG} dipole fitting in the localization of somatosensory sources at {S1}},
journal = {Clinical Neurophysiology},
volume = {115},
number = {3},
pages = {534--542}}

@PhdThesis{kno97,
  author =       "T.R. Kn{\"o}sche",
  title =        "Solutions of the neuroelectromagnetic inverse
                 problem",
  school =       "University of Twente, The Netherlands",
  year =         "1997",
}

@article{kybic2006,
author = {J Kybic and M Clerc and O Faugeras and R Keriven and T Papadopoulo},
title = {Generalized head models for {MEG}/{EEG}: boundary element method beyond nested volumes},
journal = {Physics in medicine and biology},
year = {2006},
volume = {51},
number = {5},
pages = {1333--1346}}

@Article{kyb2005,
  author =       "J. Kybic and M. Clerc and T. Abboud and O. Faugeras and R.
  Keriven and T. Papadopoulo",
  title =        "A common formalism for the integral formulations of the forward {EEG}
  problem",
  journal =      "IEEE Trans. Med. Imag.",
  volume =       "24",
  number =       "1",
  year =         "2005",
  pages =        "12--18",
}

@book{leif2005,
	author={Leif Sörnmo and Pablo Laguna},
	year={2005},
	title={Bioelectrical signal processing in cardiac and neurological applications},
	publisher={Academic Press},
	address={New York},
	pages={xiii, 668 pages},
	isbn={0-12-437552-9; 9780124375529},
	language={eng}
}

@article{lew2009,
author = {S Lew and C H Wolters and A Anwander and S Makeig and R S MacLeod},
title = {Improved {EEG} source analysis using low-resolution conductivity estimation in a four-compartment finite element head model},
journal = {Human brain mapping},
year = {2009},
volume = {30},
number = {9},
pages = {2862--78}}

@article{lew2009b,
author = {S Lew and C H Wolters and T Dierkes and C R\"{o}er and R S MacLeod},
year = {2009},
title = {Accuracy and run-time comparison for differential potential approaches and iterative solvers in finite element method based {EEG} source analysis},
journal = {Applied Numerical Mathematics},
volume = {59},
pages = {1970--1988}}

@article{CHW:Lew2013,
  author =       "Seok Lew and Danielle D. Sliva and Myong-sun Choe and P. Ellen Grant and Yoshio Okada and Carsten H. Wolters and Matti S. H{\"a}m{\"a}l{\"a}inen",
  title =        "Effects of sutures and fontanels on MEG and EEG source analysis in a realistic infant head model",
  journal =      "NeuroImage",
  volume =       "76",
  pages =        "282 - 293",
  year =         "2013",
  issn =         "1053-8119",
  doi =          "10.1016/j.neuroimage.2013.03.017",
  url =          "http://www.sciencedirect.com/science/article/pii/S1053811913002590",
  keywords = "MEG",
  keywords = "EEG",
  keywords = "FEM",
  keywords = "Source analysis",
  keywords = "Suture",
  keywords = "Fontanel"
}

@article{li2014,
title = "Measuring the dynamic longitudinal cortex development in infants by reconstruction of temporally consistent cortical surfaces ",
journal = "NeuroImage ",
volume = "90",
number = "",
pages = "266 - 279",
year = "2014",
note = "",
issn = "1053-8119",
doi = "http://dx.doi.org/10.1016/j.neuroimage.2013.12.038",
author = "Gang Li and Jingxin Nie and Li Wang and Feng Shi and John H. Gilmore and Weili Lin and Dinggang Shen",
keywords = "Infant",
keywords = "Longitudinal development",
keywords = "Cortical surface reconstruction",
keywords = "Cortical thickness",
keywords = "Cortical folding "
}

@book{liu2001,
  title={Monte Carlo Strategies in Scientific Computing},
  author={Liu, J.S.},
  isbn={9780387952307},
  lccn={lc00069243},
  series={Springer series in statistics},
  year={2001},
  publisher={Springer}
}

}

@book{lu2003,
  title={Magnetic Source Imaging of the Human Brain},
  author={Lu, Z L and Kaufman, L },
  lccn={2002029734},
  year={2003},
  publisher={Lawrence Erlbaum},
  address = {Mahwah, NJ}
}

@article{lucka2012,
  author    = {Felix Lucka and
               Sampsa Pursiainen and
               Martin Burger and
               Carsten H. Wolters},
  title     = {Hierarchical Bayesian inference for the {EEG} inverse problem using
               realistic {FE} head models: Depth localization and source separation
               for focal primary currents},
  journal   = {NeuroImage},
  volume    = {61},
  number    = {4},
  pages     = {1364--1382},
  year      = {2012},
  doi       = {10.1016/j.neuroimage.2012.04.017},
  timestamp = {Wed, 06 Feb 2013 00:00:00 +0100}
}

@article{malmivuo2004,
author = {Jaakko A. Malmivuo and Veikko E. Suihko},
title = {Effect of Skull Resistivity on the Spatial Resolutions of {EEG} and {MEG},
journal = {IEEE Transactions on Biomedical Engineering},
volume = {51},
year = {2004},
pages = {1276--1280},
doi = {10.1109/TBME.2004.827255},
masid = {1418496}
}

@article{mann1947,
author = {Mann, H. B. and Whitney, D. R.},
doi = {10.1214/aoms/1177730491},
fjournal = {The Annals of Mathematical Statistics},
journal = {Ann. Math. Statist.},
rrmonth = {03},
number = {1},
pages = {50--60},
publisher = {The Institute of Mathematical Statistics},
title = {On a Test of Whether one of Two Random Variables is Stochastically Larger than the Other},
url = {http://dx.doi.org/10.1214/aoms/1177730491},
volume = {18},
year = {1947}
}


@Article{CHW:Mar98,
  author =       "G. Marin and C. Guerin and S. Baillet and L. Garnero and G. Meunier",
  title =        "Influence of skull anisotropy for the forward and
                 inverse problem in {EEG}: simulation studies using the
                 {FEM} on realistic head models",
  journal =      "Human Brain Mapping",
  year =         "1998",
  volume =       "6",
  pages =        "250--269",
}


@book{matlab,
year = {2016},
author = {MATLAB},
title = {version 9.1 ({R}2016b)},
publisher = {The MathWorks Inc.},
address = {Natick, Massachusetts}
}

@inproceedings{medani2012,
  TITLE = {{Study of Modeling of Current Dipoles in the Finite Element Method for {EEG} Forward Problem}},
  AUTHOR = {Medani, Takfarinas and Lautru, David and Ren, Zhuoxiang},
  BOOKTITLE = {{Conference NUMELEC 2012}},
  ADDRESS = {Marseille, France},
  PAGES = {On line},
  YEAR = {2012},
  MONTH = {Jul},
}

@inproceedings{medani2015,
  TITLE = {{Modelling of Brain Sources Using the Modified {S}aint {V}enant's Method in {FEM} Resolution of {EEG} Forward Problem}},
  AUTHOR = {Medani, Takfarinas and Lautru, David and Ren, Zhuoxiang and Schwartz, Denis and Sou, G{\'e}rard},
  BOOKTITLE = {{Conference IEEE EMBS Conference on Neural Engineering 2015}},
  ADDRESS = {Montpellier, France},
  SERIES = {7th International IEEE EMBS Conference on Neural Engineering},
  YEAR = {2015},
  MONTH = Apr,
  HAL_ID = {hal-01143241},
  HAL_VERSION = {v1},
}

@book{medani2016,
    author    = "Takfarinas Medani",
    title     = "Contribution a l’amelioration du modele de source dans la methode des elements finis pour la resolution du probleme direct en electroencephalographie",
    year      = "2016",
    publisher = "PhD thesis, Universite Pierre et Marie Curie - Paris VI. NNT : 2016PA066166, Paris, France",
}


@book{monk2003,
    author    = "P Monk",
    title     = "{F}inite {E}lement {M}ethods for {M}axwell's {E}quations",
    year      = "2003",
    publisher = "Clarendon Press",
    address   = "Oxford, UK"
}

@article{montes2014,
author={Victoria Montes-Restrepo and Pieter van Mierlo
and Gregor Strobbe and Steven Staelens and
Stefaan Vandenberghe and Hans Hallez},
year={2014},
title={Influence of Skull Modeling Approaches on {EEG} Source
Localization},
journal={Brain Topogr},
volume={27},
pages={95 – 111},
}

@Article{mos92,
  author =       "J.C. Mosher and P.S. Lewis and R.M. Leahy",
  title =        "Multiple dipole modeling and localization from
                 spatio-temporal {MEG} data",
  journal =      j-BME,
  volume =       "39",
  number =       "6",
  year =         "1992",
  pages =        "541--557",
}

@article{mosher1999,
author = {J C Mosher and R M Leahy and P S Lewis},
year = {1999},
title = {{EEG/MEG}: Forward Solutions for Inverse Methods},
journal ={{IEEE} Transactions on Biomedical Engineering},
volume = {46},
number = {3},
pages = {245--259}}

@book{niedermeyer2004,
author = {E Niedermeyer and F Lopes da Silva},
year = {2004},
title = {Electroencephalography: Basic Principles, Clinical Applications, and Related
Fields, Fifth Edition},
address = {Philadelphia},
publisher = {Lippincott Williams \& Wilkins}}

@book{ohagan2004,
  title={Kendall's advanced theory of statistics, volume 2B: {B}ayesian inference},
  author={O'Hagan, Anthony and Forster, Jonathan J},
  volume={2},
  year={2004},
  publisher={Arnold}
}

@article{ohtake2001,
author = {Y Ohtake and A Belyaev and Ilia Bogaevski},
year = {2001},
title = {Mesh regularization and adaptive smoothing},
volume = {33},
journal = {Computer-Aided Design},
pages = {789--800}}

@article{oostendorp2000,
author = {T F Oostendorp and J Delbeke and D F Stegeman},
title = {The conductivity of the human skull: results of in vivo and in vitro measurements},
journal = {IEEE Transactions on Biomedical Engineering},
volume = {47},
year = {2000},
pages = {1487--1492},
doi = {10.1109/TBME.2000.880100},
masid = {27046639}
}

@Article{oostenveld2011,
  author = 	 {Robert Oostenveld and Pascal Fries and Eric Maris and Jan-Mathijs Schoffelen},
  title = 	 {{F}ield{T}rip: {O}pen {S}ource {S}oftware for {A}dvanced {A}nalysis of {MEG}, {EEG}, and {I}nvasive {E}lectrophysiological {D}ata},
  journal = 	 {Comput Intell Neurosci.},
  year = 	 {2011},
  OPTkey = 	 {},
  OPTvolume = 	 {2011},
  OPTpages = 	 {9 pages},
  note      =    "DOI: 10.1155/2011/156869",
}

@book{oppenheim1989,
  title={Discrete-time signal processing},
  author={Oppenheim, A.V. and Schafer, R.W.},
  isbn={9780132162920},
  lccn={88025562},
  series={Prentice-{H}all signal processing series},
  year={1989},
  publisher={Prentice Hall}
}

@article{ozgener2000,
author = {B Ozgener and H A Ozgener},
year = {2000},
title = {Gaussian quadratures for singular integrals in {BEM} with applications to the 2D modified {H}elmholtz equation},
journal = {Engineering Analysis with Boundary Elements},
volume = {24},
number = {3},
pages = {259--269}}

@ARTICLE{pamile94,
AUTHOR  =  "R. M. Pascual-Marqui and C. Michel and D. Lehman",
TITLE = "Low resolution electromagnetic tomography: {A} new method for localizing electrical activity in the brain",
JOURNAL = "Int. J. Psycophysiol.",
YEAR = "1994",
VOLUME = "18",
PAGES = "49--65"
}

@article{piana1997,
author = {M. Piana and M. Bertero,},
title = {Projected {L}andweber method and preconditioning},
journal = {Inverse Problems},
volume = {13},
number = {2},
pages = {441--463},
year = {1997}}

@article{piastra2018,
author = {Piastra, M.C. and N{\"u}{\ss}ing, A. and Vorwerk, J. and Bornfleth, H. and Oostenveld, R. and Engwer, C. and Wolters, C.H.},
title = {The Discontinuous {G}alerkin Finite Element Method for Solving the {MEG} and the combined {MEG/EEG} Forward Problem}, 
note = {Frontiers in Neuroscience}, 
year= {2018}
}

@article{pursiainen2008_3,
author = {S Pursiainen},
title = {Coarse-to-fine reconstruction in linear inverse problems with application to limited-angle computerized tomography},
journal = {J. Inv. Ill-Posed Problems},
volume = {16},
number = {9},
pages = {873--886},
year = {2008}}

@book{pursiainen2008,
author = {S Pursiainen},
title = {Computational methods in electromagnetic biomedical inverse problems},
publisher = {{\em Dissertation} Helsinki University of Technology},
volume = {Espoo},
year = {2008}}

@article{pursiainen2008_2,
author = {S Pursiainen},
title = {{EEG}/{MEG} forward simulation through $h$- and $p$-type finite elements},
journal = {Journal of Physics: Conference Series},
volume = {124},
number = {1},
pages = {012041 (11pp)},
year = {2008}}

@article{pursiainen2011,
author = { S Pursiainen and A Sorrentino and C Campi and M Piana},
year = {2011},
title = { Forward simulation
and inverse dipole localization with lowest order {Raviart-Thomas} elements for electroencephalography},
journal = {Inverse Problems},
volume = {27},
number = {4},
pages = {045003 (18pp)}}

@ARTICLE{pursiainen2012,
AUTHOR  =  "S. Pursiainen and F. Lucka and C. H. Wolters",
TITLE = "Complete electrode model in {EEG}: relationship and differences to the point electrode model",
JOURNAL = "Phys. Med. Biol.",
YEAR = "2012",
VOLUME = "57",
NUMBER = "4",
PAGES = "999--1017"                                                             
}

@article{pursiainen2012b,
  author={S Pursiainen},
  title={Raviart--{T}homas -type sources adapted to applied {EEG} and {MEG}: implementation and results},
  journal={Inverse Problems},
  volume={28},
  number={6},
  pages={065013},
  year={2012}
}

@article{pursiainen2016,
title = "Electroencephalography ({EEG}) forward modeling via {H}(div) finite element sources with focal interpolation",
author = "S Pursiainen and J Vorwerk and Wolters, {C H}",
year = "2016",
month = "11",
doi = "10.1088/0031-9155/61/24/8502",
volume = "61",
pages = "8502--8520",
journal = "Physics in Medicine and Biology",
issn = "0031-9155",
publisher = "IOP Publishing Ltd.",
number = "24",
}

@article {pursiainen2016b,
	author = {Pursiainen, Sampsa and Lew, Seok and Wolters, Carsten Hermann},
	title = {Forward and Inverse Effects of the Complete Electrode Model in Neonatal {EEG},
	year = {2016},
	doi = {10.1152/jn.00427.2016},
	publisher = {American Physiological Society},
	issn = {0022-3077},
	URL = {http://jn.physiology.org/content/early/2016/11/11/jn.00427.2016},
	eprint = {http://jn.physiology.org/content/early/2016/11/11/jn.00427.2016.full.pdf},
	journal = {Journal of Neurophysiology}
}

@Article{CHW:Ram2006,
  author =  {Ramon, C. and Schimpf, P. and Haueisen, J.},
  title =  {Influence of head models on {EEG} simulations and inverse source localizations},
  journal =  {BioMedical Engineering OnLine},
  volume =   5,
  number = 10,
  year =  2006,
  DOI =   {10.1186/1475-925X-5-10},
  }
  
@article{roche-labarbe2008,
author = {N. Roche-Labarbe and A. Aarabi and G. Kongolo and C. Gondry-Jouet and M. D{\"u}mpelmann and R. Grebe and F. Wallois},
title = {High-Resolution Electroencephalography and
Source Localization in Neonates},
journal = {Human Brain Mapping},
year = {2008},
volume = {29},
pages = {167--176}}


@Article{sarvas1987,
    author = "J Sarvas",
    title = "{Basic mathematical and electromagnetic concepts of the biomagnetic inverse problem}",
    journal = "Physics in Medicine and Biology",
    volume = "32",
    number = "1",
    pages = "11",
    year = "1987",
}

@Article{sch85,
  author ={M. Scherg and D. von Cramon},
  title = {Two bilateral sources of the late {AEP} as identified
                 by a spatio-temporal dipole model},
  journal ={j-EEGCN},
  volume = {62},
  year = {1985},
  pages = {32--44},
}

@Article{CHW:Sch2002,
  author =       "P.H. Schimpf and C.R. Ramon and J. Haueisen",
  title =        "Dipole Models for the {EEG} and {MEG}",
  journal =      "IEEE Trans Biomed Eng",
  volume =       "49",
  number =       "5",
  year =         "2002",
  pages =        "409--418",
}

@article{seitz2014,
author = {Seitz, Jochen and Buehren, Katharina and von Polier, Georg and Heussen, Nicole and Herpertz-Dahlmann, Beate and Konrad, Kerstin},
year = {2014},
month = {01},
pages = {7-18},
title = {Morphological Changes in the Brain of Acutely Ill and Weight-Recovered Patients with Anorexia Nervosa: A Meta-Analysis and Qualitative Review},
volume = {42},
booktitle = {Zeitschrift für Kinder- und Jugendpsychiatrie und Psychotherapie}
}

@misc{simbio,
     author        =  "{SimBio Development Group}",
     title         =  "{SimBio}: A generic environment for bio-numerical simulations",
     url = {https://www.mrt.uni-jena.de/simbio},
     note = {Retrieved Feb 2, 2018}
     year          =  "2018"
}

@misc{simbio-fieldtrip,
     author        =  "{SimBio-Fieldtrip}",
     title         =  "Creating a {FEM} volume conduction model of the head for source-reconstruction of {EEG} data",
     url = {http://www.fieldtriptoolbox.org/tutorial/headmodel_eeg_fem},
     note = {Retrieved Feb 2, 2018}
     year          =  "2018"
}


@book{solin2003,
author = {P Solin and K Segeth and I Dolezel},
year = {2003},
title = {Higher-Order Finite Element Methods},
address = {Boca Raton},
publisher = {Chapman \& Hall / CRC}}

@article{sorrentino2009,
author = {A Sorrentino and L Parkkonen and A Pascarella and C Campi and M Piana},
title = {Dynamical {MEG} source modeling with multi-target {B}ayesian filtering},
journal = {Human Brain Mapping},
volume = {30},
number = {6},
year = {2009},
pages = {1911--1921}}
  	
@article{sommariva2014,
  author={Sara Sommariva and Alberto Sorrentino},
  title={Sequential Monte Carlo samplers for semi-linear inverse problems and application to magnetoencephalography},
  journal={Inverse Problems},
  volume={30},
  number={11},
  pages={114020},
  year={2014}
}

@ARTICLE
{sovoka03,
AUTHOR  =  "E. Somersalo and A. Voutilainen and J.P. Kaipio",
TITLE = "Non-stationary magnetoencephalography by {B}ayesian filtering of dipole models",
JOURNAL = "Inverse Problems",
YEAR = "2003",
VOLUME = "19",
PAGES = "1047--1063"
}

@article{sorrentino2014,
  author={Alberto Sorrentino and Gianvittorio Luria and Riccardo Aramini},
  title={Bayesian multi-dipole modelling of a single topography in {MEG} by adaptive sequential {M}onte {C}arlo samplers},
  journal={Inverse Problems},
  volume={30},
  number={4},
  pages={045010},
  year={2014}
}

@article{stok1987,
author = {C J Stok},
year = {1987},
title = {The influence of model parameters on {EEG}/{MEG} single dipole source estimation},
journal = {IEEE Trans.\ Biomed.\ Eng.},
volume = {34},
pages = {289--296}}

@article{tanzer2005,
author = {O Tanzer and S J\"{a}rvenp\"{a}\"{a} and J Nenonen and E Somersalo},
year = {2005},
title = {Representation of bioelectric current sources using {W}hitney elements in the finite element method},
journal = {Physics in Medicine and Biology},
volume = {50},
pages = {3023--3039}}

@article{toupin1965,
year={1965},
issn={0003-9527},
journal={Archive for Rational Mechanics and Analysis},
volume={18},
number={2},
doi={10.1007/BF00282253},
title={{Saint-Venant's} Principle},
publisher={Springer-Verlag},
author={Toupin, R.A.},
pages={83-96},
language={English}
}

@ARTICLE{uuhaso99,
AUTHOR  =  "K. Uutela and M. {H\"{a}m\"{a}l\"{a}inen} and E. Somersalo",
TITLE = "Visualization of Magnetoencephalographic Data Using Minimum Current Estimates",
JOURNAL = "NeuroImage",
YEAR = "1999",
VOLUME = "10",
PAGES = "173--180"
}
@Article{val2010,
 author    = {S. Vallagh{\'e} and T. Papadopoulo},
  title =        "A Trilinear Immersed Finite Element Method for Solving the Electroencephalography Forward Problem",
  journal =      "SIAM J. Sci. Comput.",
  volume =       "32",
  number =       "4",
  pages =        "2379-2394",
  year =         "2010"
}

@article{vanuitert2001,
author = {R Van Uitert and D Weinstein and C R Johnson and L Zhukov},
year = {2001},
title = {Finite Element {EEG} and {MEG} Simulations for Realistic Head Models: Quadratic vs.\ Linear Approximations},
journal = {Journal of Biomedizinische Technik},
volume = {46},
pages = {32--34}}

@article{vanuitert2003,
author = {R {Van Uitert} and D Weinstein and C R Johnson},
year = {2003},
title = {Volume Currents in Forward and Inverse Magnetoencephalographic Simulations Using Realistic Head Models},
journal = {Annals of Biomedical Engineering},
volume = {31},
pages = {21--31}}


@article{vorwerk2018,
author = {Johannes Vorwerk and Robert Oostenveld and Maria Carla Piastra and Lilla Magyari and Carsten Hermann Wolters},
title = {The {F}ield{T}rip-{S}imBio Pipeline for {EEG} Forward Solutions},
journal = {BioMedical Engineering OnLine},
year = {2018},
volume = {17},
number = {37}}

@article{weinstein2000,
title = {Lead-field bases for electroencephalography source imaging},
author = {D Weinstein and L Zhukov and C Johnson},
journal = {Ann Biomed Eng.}, 
year = {2000}, 
volume = {28},
number = {9},
pages = {1059--65}}

@Article{wen2008,
  author =       "K. Wendel and N.G. Narra and M. Hannula and P. Kauppinen and J. Malmivuo",
  title =        "The influence of {CSF} on {EEG} sensitivity distributions of multilayered head models.",
  journal =      "IEEE Trans. Biomed. Eng.",
  volume =       "55",
  number =       "4",
  year =         "2008",
  pages =        "1454--1456",
}

@article{wolters2004,
author = {Wolters, {C.H.} and Grasedyck, L. and Hackbusch, W.},
title= {Efficient Computation of Lead Field Bases and Influence Matrix for the {FEM}-based {EEG} and {MEG} Inverse Problem},
journal = {Inverse Problems},
volume = {20},
number = {4},
pages ={1099--1116},
year = {2004},
url = {http://iopscience.iop.org/0266-5611/20/4/007/}
}

@article{wolters2006,
author = {C H Wolters and A Anwander and X Tricoche and D Weinstein and M A Koch and R S MacLeod},
title = {Influence of tissue conductivity anisotropy on {EEG/MEG} field and return current computation in a realistic head model: a simulation and visualization study using high-resolution finite element modeling},
journal = {NeuroImage},
year = {2006},
volume = {30},
number = {3},
pages = {813--826}}

@article{wolters2007,
author = {C H Wolters and A Anwander and G Berti and U Hartmann},
title = {Geometry-adapted hexahedral meshes improve accuracy of finite-element-method-based {EEG} source analysis},
journal = {IEEE transactions on bio-medical engineering},
year = {2007},
volume = {54},
number = {8},
pages = {1446--1453}}

@article{wolters2007b,
author = {C H Wolters and H K\"{o}stler and C M\"{o}ller and J H\"{a}rdtlein and L Grasedyck and W Hackbusch},
year = {2007},
title = {Numerical Mathematics of the Subtraction Method for the Modeling of a Current Dipole in {EEG} Source Reconstruction Using Finite Element Head Models},
journal = {Siam J.\ Sci.\ Comput.},
volume = {30},
number = {1},
pages = {24--45}}

@article{wolters2009,
author = {F Drechsler and C H Wolters and T Dierkes and H Si and L Grasedyck},
year = {2009},
title = {A full subtraction approach for finite element method based source analysis using constrained Delaunay tetrahedralisation},
journal = {NeuroImage},
volume = {46},
number = {4},
pages = {1055--1065}}

@article{vorwerk2012,
author={J. Vorwerk and M. Clerc and M. Burger and {C H} Wolters},
year={2012},
title={Comparison of Boundary Element and Finite Element Approaches to the {EEG} Forward Problem},
journal={Biomedical Engineering / Biomedizinische Technik, 57(SI-1 Track-O)},
pages={795-798},
url={doi:10.1515/bmt-2012-4152}
}

@article{vorwerk2014, 
title = {A guideline for head volume conductor modeling in {EEG} and {MEG}}, 
author = {J Vorwerk and J H Cho and S Rampp and H Hamer and T R Kn\"{o}sche  and C H Wolters}, 
journal = {NeuroImage},
pages = {590-607}, 
volume = {100}, 
year = {2014}
}

@article{vorwerk2017,
   author = {{Vorwerk}, J. and {Engwer}, C. and {Pursiainen}, S. and {Wolters}, C.~H.
	},
    title = "{A Mixed Finite Element Method to Solve the {EEG} Forward Problem}",
  journal = {IEEE Transactions on Medical Imaging},
pages = {930-941}, 
volume = {36},
number = {4},
year = {2017}
}

@book{vorwerk2016a,
author = {J Vorwerk},
title = {New Finite Element Methods to Solve the {EEG}/{MEG} Forward Problem},
publisher = {{\em Dissertation} University of M\"{u}nster},
year = {2016}}

@article{yan1991, 
title = {Finite-element model of the human head: scalp potentials due to dipole sources}, 
author = {Y Yan and P L Nunez and R T Hart}, 
journal = {Med Biol Eng Comput.}, 
year = {1991}, 
volume = {29},
number={5},
pages = {475--81}}

@article{yao2014, 
author = {Z Yao and W F Eddy}, 
title = {A statistical approach to the inverse problem in magnetoencephalography},
journal = {The Annals of Applied Statistics},
year = {2014}, 
volume = {8}, 
number = {2}, 
pages = {1119--1144}}

@article{zhang1995,
  title={A fast method to compute surface potentials generated by dipoles within multilayer anisotropic spheres},
  author={Zhang, Zhi},
  journal={Physics in medicine and biology},
  volume={40},
  number={3},
  pages={335},
  year={1995},
  publisher={IOP Publishing}
}
  	
@article{zhang2004,
  author={Y C Zhang and S A Zhu and Bin He},
  title={A second-order finite element algorithm for solving the three-dimensional {EEG} forward problem},
  journal={Physics in Medicine \& Biology},
  volume={49},
  number={13},
  pages={2975},
  url={http://stacks.iop.org/0031-9155/49/i=13/a=014},
  year={2004},
  }
  @article{zaragoza2013comparing,
  title={Comparing Isotropic and Anisotropic Brain Conductivity Modeling: Planning Optimal Depth-Electrode Placement in White Matter for Direct Stimulation Therapy in an Epileptic Circuit},
  author={Zaragoza, Leopoldo Cendejas and Hondorp, Brian and Rossi, Marvin A},
  year={2013}
}
@article{haueisen2002influence,
  title={The influence of brain tissue anisotropy on human EEG and MEG},
  author={Haueisen, Jens and Tuch, David S and Ramon, C and Schimpf, PH and Wedeen, VJ and George, JS and Belliveau, JW},
  journal={Neuroimage},
  volume={15},
  number={1},
  pages={159--166},
  year={2002},
  publisher={Elsevier}
} 
@article{hallez2007review,
  title={Review on solving the forward problem in EEG source analysis},
  author={Hallez, Hans and Vanrumste, Bart and Grech, Roberta and Muscat, Joseph and De Clercq, Wim and Vergult, Anneleen and D'Asseler, Yves and Camilleri, Kenneth P and Fabri, Simon G and Van Huffel, Sabine and others},
  journal={Journal of neuroengineering and rehabilitation},
  volume={4},
  number={1},
  pages={46},
  year={2007},
  publisher={BioMed Central}
}
@book{malmivuo1995bioelectromagnetism,
  title={Bioelectromagnetism: principles and applications of bioelectric and biomagnetic fields},
  author={Malmivuo, Jaakko and Plonsey, Robert},
  year={1995},
  publisher={Oxford University Press, USA}
}
@article{griffis2016age,
  title={Age-Dependent Cortical Thinning of Peripheral Visual Field Representations in Primary Visual Cortex},
  author={Griffis, Joseph C and Burge, Wesley K and Visscher, Kristina M},
  journal={Frontiers in aging neuroscience},
  volume={8},
  pages={248},
  year={2016},
  publisher={Frontiers}
}
@article{fischl2000measuring,
  title={Measuring the thickness of the human cerebral cortex from magnetic resonance images},
  author={Fischl, Bruce and Dale, Anders M},
  journal={Proceedings of the National Academy of Sciences},
  volume={97},
  number={20},
  pages={11050--11055},
  year={2000},
  publisher={National Acad Sciences}
}
@article{mcginnis2011age,
  title={Age-related changes in the thickness of cortical zones in humans},
  author={McGinnis, Scott M and Brickhouse, Michael and Pascual, Belen and Dickerson, Bradford C},
  journal={Brain topography},
  volume={24},
  number={3-4},
  pages={279},
  year={2011},
  publisher={Springer}
}
@article{homma1995conductivity,
  title={Conductivity ratios of the scalp-skull-brain head model in estimating equivalent dipole sources in human brain},
  author={Homma, Saburo and Musha, Toshimitsu and Nakajima, Yoshio and Okamoto, Yoshiwo and Blom, Sigge and Flink, Roland and Hagbarth, Karl-Erik},
  journal={Neuroscience research},
  volume={22},
  number={1},
  pages={51--55},
  year={1995},
  publisher={Elsevier}
}
@article{fuchs1998improving,
  title={Improving source reconstructions by combining bioelectric and biomagnetic data},
  author={Fuchs, Manfred and Wagner, Michael and Wischmann, Hans-Aloys and K{\"o}hler, Thomas and Thei{\ss}en, Annette and Drenckhahn, Ralf and Buchner, Helmut},
  journal={Clinical Neurophysiology},
  volume={107},
  number={2},
  pages={93--111},
  year={1998},
  publisher={Elsevier}
}

@article{aydin2017zoomed,
  title={Zoomed MRI guided by combined EEG/MEG source analysis: a multimodal approach for optimizing presurgical epilepsy work-up and its application in a multi-focal epilepsy patient case study},
  author={Aydin, {\"U} and Rampp, S and Wollbrink, A and Kugel, H and Cho, J-H and Kn{\"o}sche, TR and Grova, C and Wellmer, J and Wolters, CH},
  journal={Brain topography},
  volume={30},
  number={4},
  pages={417--433},
  year={2017},
  publisher={Springer}
}

@article{ahlfors2010sensitivity,
  title={Sensitivity of MEG and EEG to source orientation},
  author={Ahlfors, Seppo P and Han, Jooman and Belliveau, John W and H{\"a}m{\"a}l{\"a}inen, Matti S},
  journal={Brain topography},
  volume={23},
  number={3},
  pages={227--232},
  year={2010},
  publisher={Springer}
}

@article{baillet1997bayesian,
  title={A Bayesian approach to introducing anatomo-functional priors in the EEG/MEG inverse problem},
  author={Baillet, Sylvain and Garnero, Line},
  journal={IEEE transactions on Biomedical Engineering},
  volume={44},
  number={5},
  pages={374--385},
  year={1997},
  publisher={IEEE}
}

@article{sato2004hierarchical,
  title={Hierarchical Bayesian estimation for MEG inverse problem},
  author={Sato, Masa-aki and Yoshioka, Taku and Kajihara, Shigeki and Toyama, Keisuke and Goda, Naokazu and Doya, Kenji and Kawato, Mitsuo},
  journal={NeuroImage},
  volume={23},
  number={3},
  pages={806--826},
  year={2004},
  publisher={Elsevier}
}

@article{schmidt1999bayesian,
  title={Bayesian inference applied to the electromagnetic inverse problem},
  author={Schmidt, David M and George, John S and Wood, Chris C},
  journal={Human Brain Mapping},
  volume={7},
  number={3},
  pages={195--212},
  year={1999},
  publisher={Wiley Online Library}
}

@article{nagarajan2006controlled,
  title={Controlled support MEG imaging},
  author={Nagarajan, Srikantan S and Portniaguine, Oleg and Hwang, Dosik and Johnson, Chris and Sekihara, Kensuke},
  journal={NeuroImage},
  volume={33},
  number={3},
  pages={878--885},
  year={2006},
  publisher={Elsevier}
}

@article{trujillo2004bayesian,
  title={Bayesian model averaging in EEG/MEG imaging},
  author={Trujillo-Barreto, Nelson J and Aubert-V{\'a}zquez, Eduardo and Vald{\'e}s-Sosa, Pedro A},
  journal={NeuroImage},
  volume={21},
  number={4},
  pages={1300--1319},
  year={2004},
  publisher={Elsevier}
}

@article{hallez2007review,
  title={Review on solving the forward problem in EEG source analysis},
  author={Hallez, Hans and Vanrumste, Bart and Grech, Roberta and Muscat, Joseph and De Clercq, Wim and Vergult, Anneleen and D'Asseler, Yves and Camilleri, Kenneth P and Fabri, Simon G and Van Huffel, Sabine and others},
  journal={Journal of neuroengineering and rehabilitation},
  volume={4},
  number={1},
  pages={46},
  year={2007},
  publisher={BioMed Central}
}
@article{calvetti2008hypermodels,
  title={Hypermodels in the Bayesian imaging framework},
  author={Calvetti, Daniela and Somersalo, Erkki},
  journal={Inverse Problems},
  volume={24},
  number={3},
  pages={034013},
  year={2008},
  publisher={IOP Publishing}
}

@article{stenbacka2002comparison,
  title={Comparison of minimum current estimate and dipole modeling in the analysis of simulated activity in the human visual cortices},
  author={Stenbacka, Linda and Vanni, Simo and Uutela, Kimmo and Hari, Riitta},
  journal={NeuroImage},
  volume={16},
  number={4},
  pages={936--943},
  year={2002},
  publisher={Elsevier}
}
@article{matsuura1995selective,
  title={Selective minimum-norm solution of the biomagnetic inverse problem},
  author={Matsuura, Kanta and Okabe, Yoichi},
  journal={IEEE Transactions on Biomedical Engineering},
  volume={42},
  number={6},
  pages={608--615},
  year={1995},
  publisher={IEEE}
}

@inproceedings{elliott1984application,
  title={Application of the Gibbs distribution to image segmentation},
  author={Elliott, Howard and Derin, Haluk and Cristi, Roberto and Geman, Donald},
  booktitle={Acoustics, Speech, and Signal Processing, IEEE International Conference on ICASSP'84.},
  volume={9},
  pages={678--681},
  year={1984},
  organization={IEEE}
}

@article{spitzer1971markov,
  title={Markov random fields and Gibbs ensembles},
  author={Spitzer, Frank},
  journal={The American Mathematical Monthly},
  volume={78},
  number={2},
  pages={142--154},
  year={1971},
  publisher={Taylor \& Francis}
}

@article{baumgartner2010dipole,
  title={Dipole source analyses of early median nerve SEP components obtained from subdural grid recordings},
  author={Baumg{\"a}rtner, Ulf and Vogel, Hagen and Ohara, Shinji and Treede, Rolf-Detlef and Lenz, Fred A},
  journal={Journal of neurophysiology},
  volume={104},
  number={6},
  pages={3029--3041},
  year={2010},
  publisher={American Physiological Society Bethesda, MD}
}
@article{haueisen2007identifying,
  title={Identifying mutual information transfer in the brain with differential-algebraic modeling: evidence for fast oscillatory coupling between cortical somatosensory areas 3b and 1},
  author={Haueisen, Jens and Leistritz, Lutz and S{\"u}sse, Thomas and Curio, Gabriel and Witte, Herbert},
  journal={NeuroImage},
  volume={37},
  number={1},
  pages={130--136},
  year={2007},
  publisher={Elsevier}
}

@article{buchner1994source,
  title={Source analysis of median nerve and finger stimulated somatosensory evoked potentials: multichannel simultaneous recording of electric and magnetic fields combined with 3D-MR tomography},
  author={Buchner, Helmut and Fuchs, Manfred and Wischmann, Hans-Aloys and D{\"o}ssel, Olaf and Ludwig, Irene and Knepper, Achim and Berg, Patrick},
  journal={Brain topography},
  volume={6},
  number={4},
  pages={299--310},
  year={1994},
  publisher={Springer}
}

@book{murphy2012machine,
  title={Machine Learning: A Probabilistic Perspective. Adaptive Computation and Machine Learning},
  author={Murphy, Kevin P},
  year={2012},
  publisher={MIT press}
}

